@Article{Bullmore2009,
author={Bullmore, Ed
and Sporns, Olaf},
title={Complex brain networks: graph theoretical analysis of structural and functional systems},
journal={Nature Reviews Neuroscience},
year={2009},
month={Mar},
day={01},
volume={10},
number={3},
pages={186-198},
issn={1471-0048},
doi={10.1038/nrn2575},
url={https://doi.org/10.1038/nrn2575}
}
@article{bhn059,
    author = {Greicius, Michael D. and Supekar, Kaustubh and Menon, Vinod and Dougherty, Robert F.},
    title = "{Resting-State Functional Connectivity Reflects Structural Connectivity in the Default Mode Network}",
    journal = {Cerebral Cortex},
    volume = {19},
    number = {1},
    pages = {72-78},
    year = {2008},
    month = {04},
    issn = {1047-3211},
    doi = {10.1093/cercor/bhn059},
    url = {https://doi.org/10.1093/cercor/bhn059},
    eprint = {https://academic.oup.com/cercor/article-pdf/19/1/72/819637/bhn059.pdf},
}
@article{VANDENHEUVEL2010519,
title = {Exploring the brain network: A review on resting-state fMRI functional connectivity},
journal = {European Neuropsychopharmacology},
volume = {20},
number = {8},
pages = {519-534},
year = {2010},
issn = {0924-977X},
doi = {https://doi.org/10.1016/j.euroneuro.2010.03.008},
url = {https://www.sciencedirect.com/science/article/pii/S0924977X10000684},
author = {Martijn P. {van den Heuvel} and Hilleke E. {Hulshoff Pol}}
}
@ARTICLE{Wang2021-ts,
  title    = "Graph convolutional network for {fMRI} analysis based on
              connectivity neighborhood",
  author   = "Wang, Lebo and Li, Kaiming and Hu, Xiaoping P",
  journal  = "Netw Neurosci",
  volume   =  5,
  number   =  1,
  pages    = "83--95",
  month    =  feb,
  year     =  2021,
  address  = "United States",
  keywords = "Connectivity-based neighborhood; Deep learning; Functional
              connectivity; Graph convolutional network",
  language = "en"
}
@phdthesis{Matkovič_2024, place={Ljubljana}, title={The contribution of temporal information in the computation of brain functional connectivity when assessing its association with interpersonal differences in behaviour: doctoral dissertation = Prispevek časovne informacije k izračunu možganske funkcijske konektivnosti pri oceni njene povezave z medosebnimi razlikami v vedenju}, note={Besedilo v angl., razširjen povzetek v slov.}, school={[A. Matkovič]}, author={Matkovič, Andraž}, year={2024} }
@ARTICLE{Cole2009-op,
  title    = "Identifying the brain's most globally connected regions",
  author   = "Cole, Michael W and Pathak, Sudhir and Schneider, Walter",
  journal  = "Neuroimage",
  volume   =  49,
  number   =  4,
  pages    = "3132--3148",
  month    =  nov,
  year     =  2009,
  address  = "United States",
  language = "en"
}
@ARTICLE{Abdallah2017-op,
  title    = "Prefrontal Connectivity and Glutamate Transmission: Relevance to
              Depression Pathophysiology and Ketamine Treatment",
  author   = "Abdallah, Chadi G and Averill, Christopher L and Salas, Ramiro
              and Averill, Lynnette A and Baldwin, Philip R and Krystal, John H
              and Mathew, Sanjay J and Mathalon, Daniel H",
  journal  = "Biol Psychiatry Cogn Neurosci Neuroimaging",
  volume   =  2,
  number   =  7,
  pages    = "566--574",
  month    =  oct,
  year     =  2017,
  address  = "United States",
  keywords = "Treatment resistant depression; functional MRI; global brain
              connectivity; glutamate; ketamine; rapid acting antidepressants",
  language = "en"
}
@ARTICLE{Abdallah2016-qf,
  title    = "Ketamine Treatment and Global Brain Connectivity in Major
              Depression",
  author   = "Abdallah, Chadi G and Averill, Lynnette A and Collins, Katherine
              A and Geha, Paul and Schwartz, Jaclyn and Averill, Christopher
              and DeWilde, Kaitlin E and Wong, Edmund and Anticevic, Alan and
              Tang, Cheuk Y and Iosifescu, Dan V and Charney, Dennis S and
              Murrough, James W",
  journal  = "Neuropsychopharmacology",
  volume   =  42,
  number   =  6,
  pages    = "1210--1219",
  month    =  sep,
  year     =  2016,
  address  = "England",
  language = "en"
}
@ARTICLE{Kraus2020-ut,
  title    = "Evaluating global brain connectivity as an imaging marker for
              depression: influence of preprocessing strategies and
              placebo-controlled ketamine treatment",
  author   = "Kraus, Christoph and Mkrtchian, Anahit and Kadriu, Bashkim and
              Nugent, Allison C and Zarate, Jr, Carlos A and Evans, Jennifer W",
  journal  = "Neuropsychopharmacology",
  volume   =  45,
  number   =  6,
  pages    = "982--989",
  month    =  jan,
  year     =  2020,
  address  = "England",
  language = "en"
}
@article{Clementz2016,
  title = {Identification of Distinct Psychosis Biotypes Using Brain-Based Biomarkers},
  volume = {173},
  ISSN = {1535-7228},
  url = {http://dx.doi.org/10.1176/appi.ajp.2015.14091200},
  DOI = {10.1176/appi.ajp.2015.14091200},
  number = {4},
  journal = {American Journal of Psychiatry},
  publisher = {American Psychiatric Association Publishing},
  author = {Clementz,  Brett A. and Sweeney,  John A. and Hamm,  Jordan P. and Ivleva,  Elena I. and Ethridge,  Lauren E. and Pearlson,  Godfrey D. and Keshavan,  Matcheri S. and Tamminga,  Carol A.},
  year = {2016},
  month = apr,
  pages = {373–384}
}
@article{Chen2020,
  title = {Neurobiological Divergence of the Positive and Negative Schizophrenia Subtypes Identified on a New Factor Structure of Psychopathology Using Non-negative Factorization: An International Machine Learning Study},
  volume = {87},
  ISSN = {0006-3223},
  url = {http://dx.doi.org/10.1016/j.biopsych.2019.08.031},
  DOI = {10.1016/j.biopsych.2019.08.031},
  number = {3},
  journal = {Biological Psychiatry},
  publisher = {Elsevier BV},
  author = {Chen,  Ji and Patil,  Kaustubh R. and et al.},
  year = {2020},
  month = feb,
  pages = {282–293}
}
@article{orca,
    author = {Hočevar, Tomaž and Demšar, Janez},
    title = "{A combinatorial approach to graphlet counting}",
    journal = {Bioinformatics},
    volume = {30},
    number = {4},
    pages = {559-565},
    year = {2014},
    month = {12},
    issn = {1367-4803},
    doi = {10.1093/bioinformatics/btt717},
    url = {https://doi.org/10.1093/bioinformatics/btt717},
    eprint = {https://academic.oup.com/bioinformatics/article-pdf/30/4/559/48917199/bioinformatics\_30\_4\_559.pdf},
}